<record><leader>00000cas a22000007a 4500</leader><controlfield tag="001">25998883</controlfield><controlfield tag="008">920612d19661966nhudr ne      0    0eng d</controlfield><datafield ind1=" " ind2=" " tag="010"><subfield code="a">sn 92056728 </subfield></datafield><datafield ind1=" " ind2=" " tag="040"><subfield code="a">MGN</subfield><subfield code="b">eng</subfield><subfield code="c">MGN</subfield><subfield code="d">OCLCQ</subfield></datafield><datafield ind1=" " ind2=" " tag="042"><subfield code="a">msc</subfield></datafield><datafield ind1="0" ind2=" " tag="130"><subfield code="a">Manchester New Hampshire union leader (Manchester, N.H. : Boston ed.)</subfield></datafield><datafield ind1="1" ind2="0" tag="245"><subfield code="a">Manchester New Hampshire union leader.</subfield></datafield><datafield ind1="3" ind2="0" tag="246"><subfield code="a">New Hampshire Sunday news. Boston ed.</subfield><subfield code="f">Mar. 13, 1966</subfield></datafield><datafield ind1="3" ind2="0" tag="246"><subfield code="a">Manchester New Hampshire union leader. Boston Sunday ed.</subfield><subfield code="f">Mar. 20-Apr. 3, 1966</subfield></datafield><datafield ind1=" " ind2=" " tag="250"><subfield code="a">Boston ed.</subfield></datafield><datafield ind1=" " ind2=" " tag="260"><subfield code="a">Manchester, N.H. :</subfield><subfield code="b">Union Leader</subfield></datafield><datafield ind1=" " ind2=" " tag="300"><subfield code="a">v.</subfield></datafield><datafield ind1=" " ind2=" " tag="310"><subfield code="a">Daily</subfield></datafield><datafield ind1="0" ind2=" " tag="362"><subfield code="a">103rd year, no. 293 (Mar. 7, 1966)-104th year, no. 16 (Apr. 6, 1966).</subfield></datafield><datafield ind1=" " ind2=" " tag="500"><subfield code="a">Issued during printers' and mailers' strike period against 5 Boston daily newspapers: Boston globe, Boston herald (Boston, Mass. : 1919), Boston Sunday advertiser, Boston traveler (Boston, Mass. : 1914), and Record American (Boston, Mass.).</subfield></datafield><datafield ind1=" " ind2=" " tag="580"><subfield code="a">City ed.: Manchester New Hampshire union leader (Manchester, N.H. : City ed.).</subfield></datafield><datafield ind1=" " ind2=" " tag="580"><subfield code="a">State ed.: Manchester New Hampshire union leader (Manchester, N.H. : State ed.).</subfield></datafield><datafield ind1=" " ind2=" " tag="752"><subfield code="a">United States</subfield><subfield code="b">New Hampshire</subfield><subfield code="c">Hillsborough</subfield><subfield code="d">Manchester.</subfield></datafield><datafield ind1=" " ind2=" " tag="752"><subfield code="a">United States</subfield><subfield code="b">Massachusetts</subfield><subfield code="c">Suffolk</subfield><subfield code="d">Boston.</subfield></datafield><datafield ind1="1" ind2=" " tag="775"><subfield code="t">Manchester New Hampshire union leader (Manchester, N.H. : City ed.)</subfield><subfield code="w">(DLC)sn 91063177</subfield></datafield><datafield ind1="1" ind2=" " tag="775"><subfield code="t">Manchester New Hampshire union leader (Manchester, N.H. : State ed.)</subfield><subfield code="w">(DLC)sn 83045198</subfield></datafield></record>